<?xml version="1.0" encoding="utf-8"?>
<record xmlns="http://www.loc.gov/MARC21/slim" xmlns:xsi="http://www.w3.org/2001/XMLSchema-instance" xsi:schemaLocation="http://www.loc.gov/MARC21/slim http://www.loc.gov/standards/marcxml/schema/MARC21slim.xsd">
	<leader>     nam a22        4500</leader>
	<controlfield tag="001">002774017</controlfield>
	<controlfield tag="003">NNU</controlfield>
	<controlfield tag="006">m        d        </controlfield>
	<controlfield tag="007">cr cn |||m|||a</controlfield>
	<controlfield tag="008">160802m19269999ua      obc  f000 0 arar </controlfield>
	<datafield ind1=" " ind2=" " tag="040">
		<subfield code="a">NNU</subfield>
		<subfield code="b">eng</subfield>
		<subfield code="e">rda</subfield>
		<subfield code="c">NNU</subfield>
	</datafield>
	<datafield ind1=" " ind2=" " tag="043">
		<subfield code="a">f-ua---</subfield>
	</datafield>
	<datafield ind1="0" ind2="0" tag="050">
		<subfield code="a">Z965</subfield>
		<subfield code="b">.C1378</subfield>
	</datafield>
	<datafield ind1="2" ind2=" " tag="110">
		<subfield code="6">880-01</subfield>
		<subfield code="a">Dār al-Kutub al-Miṣrīyah.</subfield>
		<subfield code="b">Qism al-Fahāris al-ʻArabīyah.</subfield>
	</datafield>
	<datafield ind1="1" ind2="0" tag="245">
		<subfield code="6">880-02</subfield>
		<subfield code="a">Fihris al-kutub al-ʻArabīyah al-mawjūdah bi-al-Dār.</subfield>
	</datafield>
	<datafield ind1=" " ind2=" " tag="260">
		<subfield code="6">880-03</subfield>
		<subfield code="a">al-Qāhirah :</subfield>
		<subfield code="b">Maṭbaʻat Dār al-Kutub al-Miṣrīyah,</subfield>
		<subfield code="c">1926-&lt;1963&gt;</subfield>
	</datafield>
	<datafield ind1=" " ind2=" " tag="300">
		<subfield code="a">online resource (volumes &lt;2-3, 6-9; in 7&gt;)</subfield>
	</datafield>
	<datafield ind1=" " ind2=" " tag="336">
		<subfield code="a">text</subfield>
		<subfield code="2">rdacontent</subfield>
	</datafield>
	<datafield ind1=" " ind2=" " tag="337">
		<subfield code="a">computer</subfield>
		<subfield code="2">rdamedia</subfield>
	</datafield>
	<datafield ind1=" " ind2=" " tag="338">
		<subfield code="a">online resource</subfield>
		<subfield code="2">rdacarrier</subfield>
	</datafield>
	<datafield ind1=" " ind2=" " tag="500">
		<subfield code="a">Vols. &lt;7-9&gt; have title: Fihris bi-al-kutub al-ʻArabīyah allatī waradat ʻalá al-Dār.</subfield>
	</datafield>
	<datafield ind1=" " ind2=" " tag="500">
		<subfield code="a">Part of the Arabic Collections Online (ACO) project, contributed by New York Univeristy Libraries.</subfield>
	</datafield>
	<datafield ind1="1" ind2=" " tag="505">
		<subfield code="a">al-juzʼ 2. ʻUlūm al-Lughah al-ʻArabīyah, wa-al waḍʻ, wa-al-ṣarf, wa-al-naḥw, wa-al-baāghah, wa-al-ʻarūḍ al-qawāfī -- al-juzʼ 3.al-Qism al-awwal min fihris ādāb al-lughah al-ʻArabīyah -- al-juzʼ 6. Fahāris funūn al-āthār wa-al-jughrāfīyah, wa-al-aṭālis wa-al-khurut, wa-al-zirāʻahwa-alrayy, wa-al-tijārah, wa-al-ṣināʻāt, wa-al-maʻārif al-ʻāmmah -- al-juzʼ 7. al-Qism al-awwal min malāḥiq ʻulūm al-lughah al-ʻArabīyah, wa-al-waḍʻ, wa-al-ṣarf, wa-al-naḥw, wa-ụlūm al-balāghah, wa-ʻilmay al-ʻarūḍ wa-al-qawāfī, wa-al-ādāb wa-al-riwāyāt, wa-qiṣaṣ -- al-juzʻ 8. al-Mulḥaq al-thānī li-ʻilm al-tārīkh -- al-juzʻ 9. al-Mulḥaq al-thālith li-fahāris ādāb al-lughag al-ʻArabīyah.</subfield>
	</datafield>
	<datafield ind1=" " ind2=" " tag="533">
		<subfield code="a">Electronic reproduction.</subfield>
		<subfield code="b">New York, N.Y. :</subfield>
		<subfield code="c">New York University,</subfield>
		<subfield code="d">2016.</subfield>
		<subfield code="5">NNU</subfield>
	</datafield>
	<datafield ind1="2" ind2="0" tag="610">
		<subfield code="a">Dār al-Kutub al-Miṣrīyah</subfield>
		<subfield code="v">Catalogs.</subfield>
	</datafield>
	<datafield ind1=" " ind2="0" tag="650">
		<subfield code="a">Arabic imprints</subfield>
		<subfield code="v">Catalogs.</subfield>
	</datafield>
	<datafield ind1="2" ind2="7" tag="610">
		<subfield code="a">Dār al-Kutub al-Miṣrīyah.</subfield>
		<subfield code="2">fast</subfield>
		<subfield code="0">(OCoLC)fst00555556</subfield>
	</datafield>
	<datafield ind1=" " ind2="7" tag="650">
		<subfield code="a">Arabic imprints.</subfield>
		<subfield code="2">fast</subfield>
		<subfield code="0">(OCoLC)fst00812284</subfield>
	</datafield>
	<datafield ind1=" " ind2="7" tag="655">
		<subfield code="a">Catalogs.</subfield>
		<subfield code="2">fast</subfield>
		<subfield code="0">(OCoLC)fst01423692</subfield>
	</datafield>
	<datafield ind1="2" ind2=" " tag="710">
		<subfield code="a">New York University.</subfield>
		<subfield code="b">Libraries.</subfield>
	</datafield>
	<datafield ind1="0" ind2=" " tag="730">
		<subfield code="a">Arabic Collections Online.</subfield>
	</datafield>
	<datafield ind1="0" ind2=" " tag="740">
		<subfield code="6">880-04</subfield>
		<subfield code="a">Fihris bi-al-kutub al-ʻArabīyah allatī waradat ʻalá al-Dār.</subfield>
	</datafield>
	<datafield ind1="0" ind2="8" tag="776">
		<subfield code="i">Print version:</subfield>
		<subfield code="a">Dār al-Kutub al-Miṣrīyah. Qism al-Fahāris al-ʻArabīyah.</subfield>
		<subfield code="t">Fihris al-kutub al-ʻArabīyah al-mawjūdah bi-al-Dār</subfield>
		<subfield code="w">(NNU)002774017</subfield>
		<subfield code="w">(DLC)   86885071</subfield>
	</datafield>
	<datafield ind1="4" ind2="0" tag="856">
		<subfield code="u">http://hdl.handle.net/2333.1/9s4mwb32</subfield>
	</datafield>
	<datafield ind1="2" ind2=" " tag="880">
		<subfield code="6">110-01/</subfield>
		<subfield code="a">دار الكتب المصرية.</subfield>
		<subfield code="b">قسم الفهارس العربية.</subfield>
	</datafield>
	<datafield ind1="1" ind2="0" tag="880">
		<subfield code="6">245-02/</subfield>
		<subfield code="a">فهرس الكتب العربية الموجودة بالدار.</subfield>
	</datafield>
	<datafield ind1=" " ind2=" " tag="880">
		<subfield code="6">260-03/</subfield>
		<subfield code="a">القاهرة :</subfield>
		<subfield code="b">مطبعة دار الكتب المصرية،</subfield>
		<subfield code="c">١٩٢٤-</subfield>
	</datafield>
	<datafield ind1="0" ind2=" " tag="880">
		<subfield code="6">740-04/</subfield>
		<subfield code="a">فهرس بالكتب العربية التي وردت على الدار.</subfield>
	</datafield>
	<datafield ind1=" " ind2=" " tag="959">
		<subfield code="a">NNU</subfield>
		<subfield code="b">WEB</subfield>
		<subfield code="c">GENI</subfield>
		<subfield code="t">0</subfield>
		<subfield code="m">Electronic access</subfield>
		<subfield code="s">01</subfield>
	</datafield>
	<datafield ind1=" " ind2=" " tag="999">
		<subfield code="i">NNU_002774017</subfield>
		<subfield code="s">nyu_aco001882:v.4</subfield>
	</datafield>
</record>
